<record><leader>00000cas a2200000 a 4500</leader><controlfield tag="001">8808978</controlfield><controlfield tag="008">820927d18671869gaudr ne      0    0eng  </controlfield><datafield ind1=" " ind2=" " tag="010"><subfield code="a">sn 82015434 </subfield></datafield><datafield ind1=" " ind2=" " tag="040"><subfield code="a">DLC</subfield><subfield code="b">eng</subfield><subfield code="c">DLC</subfield><subfield code="d">NPY</subfield><subfield code="d">NPU</subfield><subfield code="d">NPX</subfield><subfield code="d">DLC</subfield><subfield code="d">NLG</subfield><subfield code="d">MGN</subfield><subfield code="d">GUA</subfield><subfield code="d">OCLCQ</subfield><subfield code="d">OCLCO</subfield><subfield code="d">OCLCF</subfield></datafield><datafield ind1="1" ind2=" " tag="029"><subfield code="a">AU@</subfield><subfield code="b">000020413087</subfield></datafield><datafield ind1=" " ind2=" " tag="042"><subfield code="a">pcc</subfield></datafield><datafield ind1=" " ind2=" " tag="043"><subfield code="a">n-us-ga</subfield></datafield><datafield ind1="0" ind2="0" tag="050"><subfield code="a">Newspaper 7488-X</subfield></datafield><datafield ind1="0" ind2=" " tag="130"><subfield code="a">Daily journal and messenger (Macon, Ga. : 1867)</subfield></datafield><datafield ind1="1" ind2="0" tag="245"><subfield code="a">Daily journal and messenger.</subfield></datafield><datafield ind1=" " ind2=" " tag="260"><subfield code="a">Macon, Ga. :</subfield><subfield code="b">Rose &amp; Burr,</subfield><subfield code="c">[1867-1869]</subfield></datafield><datafield ind1=" " ind2=" " tag="300"><subfield code="a">v. :</subfield><subfield code="b">ill. ;</subfield><subfield code="c">68-75 cm.</subfield></datafield><datafield ind1=" " ind2=" " tag="310"><subfield code="a">Daily</subfield></datafield><datafield ind1="1" ind2=" " tag="362"><subfield code="a">Began in 1867; ceased in 1869.</subfield></datafield><datafield ind1=" " ind2=" " tag="500"><subfield code="a">Democratic. Cf. Rowell, 1869.</subfield></datafield><datafield ind1=" " ind2=" " tag="500"><subfield code="a">Publishers: Rose &amp; Burr, &lt;1867&gt;; J.W. Burke &amp; Co., &lt;1868-1869&gt;.</subfield></datafield><datafield ind1=" " ind2=" " tag="530"><subfield code="a">Also on microfilm: Athens, Ga. : University of Georgia Libraries.</subfield></datafield><datafield ind1=" " ind2=" " tag="580"><subfield code="a">Weekly ed.: Georgia journal and messenger.</subfield></datafield><datafield ind1=" " ind2=" " tag="580"><subfield code="a">Merged with: Macon daily telegraph (Macon, GA. : 1865), to form: Telegraph and messenger (Macon, Ga. : 1869).</subfield></datafield><datafield ind1=" " ind2=" " tag="588"><subfield code="a">Description based on: Vol. 59, no. 183 (Aug. 10, 1867).</subfield></datafield><datafield ind1=" " ind2="0" tag="651"><subfield code="a">Macon (Ga.)</subfield><subfield code="v">Newspapers.</subfield></datafield><datafield ind1=" " ind2="0" tag="651"><subfield code="a">Bibb County (Ga.)</subfield><subfield code="v">Newspapers.</subfield></datafield><datafield ind1=" " ind2="7" tag="655"><subfield code="a">Newspapers.</subfield><subfield code="2">fast</subfield><subfield code="0">(OCoLC)fst01423814</subfield></datafield><datafield ind1=" " ind2="7" tag="651"><subfield code="a">Georgia</subfield><subfield code="z">Bibb County.</subfield><subfield code="2">fast</subfield><subfield code="0">(OCoLC)fst01207988</subfield></datafield><datafield ind1=" " ind2="7" tag="651"><subfield code="a">Georgia</subfield><subfield code="z">Macon.</subfield><subfield code="2">fast</subfield><subfield code="0">(OCoLC)fst01206924</subfield></datafield><datafield ind1=" " ind2=" " tag="752"><subfield code="a">United States</subfield><subfield code="b">Georgia</subfield><subfield code="c">Bibb</subfield><subfield code="d">Macon.</subfield></datafield><datafield ind1="1" ind2=" " tag="775"><subfield code="t">Georgia journal and messenger</subfield><subfield code="w">(DLC)sn 85038491</subfield><subfield code="w">(OCoLC)1587398</subfield></datafield><datafield ind1="0" ind2="0" tag="780"><subfield code="t">Macon daily journal and messenger (Macon, Ga. : 1865)</subfield><subfield code="w">(DLC)sn 84031414</subfield><subfield code="w">(OCoLC)11088851</subfield></datafield><datafield ind1="1" ind2="7" tag="785"><subfield code="t">Macon daily telegraph (Macon, Ga. : 1865)</subfield><subfield code="w">(DLC)sn 84025794</subfield><subfield code="w">(OCoLC)10422870</subfield></datafield><datafield ind1="1" ind2="7" tag="785"><subfield code="t">Telegraph and messenger (Macon, Ga. : 1869)</subfield><subfield code="w">(DLC)sn 85034225</subfield><subfield code="w">(OCoLC)12565051</subfield></datafield></record>